The MIT License (MIT)

Copyright (c) 2015 Donovan Squires

Permission is hereby granted, free of charge, to any person obtaining a copy
of this software and associated documentation files (the "Software"), to deal
in the Software without restriction, including without limitation the rights
to use, copy, modify, merge, publish, distribute, sublicense, and/or sell
copies of the Software, and to permit persons to whom the Software is
furnished to do so, subject to the following conditions:

The above copyright notice and this permission notice shall be included in all
copies or substantial portions of the Software.

THE SOFTWARE IS PROVIDED "AS IS", WITHOUT WARRANTY OF ANY KIND, EXPRESS OR
IMPLIED, INCLUDING BUT NOT LIMITED TO THE WARRANTIES OF MERCHANTABILITY,
FITNESS FOR A PARTICULAR PURPOSE AND NONINFRINGEMENT. IN NO EVENT SHALL THE
AUTHORS OR COPYRIGHT HOLDERS BE LIABLE FOR ANY CLAIM, DAMAGES OR OTHER
LIABILITY, WHETHER IN AN ACTION OF CONTRACT, TORT OR OTHERWISE, ARISING FROM,
OUT OF OR IN CONNECTION WITH THE SOFTWARE OR THE USE OR OTHER DEALINGS IN THE
SOFTWARE.

% This file was created with JabRef 2.9.1.
% Encoding: UTF-8

@BOOK{AlexanderSadiku2004,
  title = {Fundamentals of Electric Circuits},
  publisher = {{McGraw-Hill}},
  year = {2004},
  author = {Alexander, Charles K. and Sadiku, Matthew N.O.},
  edition = {2nd},
  keywords = {textbook circuit analysis operational amplifiers op-amps electronics},
  owner = {donny},
  quality = {1},
  timestamp = {2013.02.27}
}

@PHDTHESIS{ArmstrongSDold,
  author = {Armstrong, E. and John, J.P. and McCaskey, N. and Ranganathan, A.
	and Vandeusen, P. and Westbrooks, S.},
  title = {Real-Time Feedback Control of Neuron Cell Culture Electrical Activity},
  school = {Western Michigan University},
  year = {2007},
  type = {Senior Design Project},
  month = {December},
  owner = {donny},
  quality = {1},
  timestamp = {2013.03.22}
}

@BOOK{ArmstrongSD,
  title = {Real-Time Feedback Control of Neuron Cell Culture Electrical Activity},
  year = {2007},
  author = {E. Armstrong and A. Ranganathan and S. Westbrooks},
  note = {{S}enior {D}esign {P}roject, {F}aculty advisors: B.~Bazuin, J.~Gesink,
	D.~A.~Miller, and F.~L.~Severance},
  comment = {old entry: ArmstrongRanganathanWestbrooks07}
}

@MASTERSTHESIS{BatzerMSEE,
  author = {Batzer, Kyle},
  title = {Firmware and Software for an Integrated Electrophysiology Data Acquisition
	and Stimulation System},
  school = {Western Michigan University},
  type = {{M}aster of {S}cience in {C}omputer {E}ngineering {T}hesis},
  note = {{C}ommittee members: B.~Bazuin, D.~A.~Miller (Chair), and F.~L.~Severance;
	{C}ontributors: D.~Squires. and J.~Stahl, in process},
  owner = {donny},
  quality = {1},
  timestamp = {2013.02.27}
}

@BOOK{BatzerCorsiCrampton,
  title = {Electrophysiology Measurement and Stimulation System},
  year = {Fall 2009--Spring 2010},
  author = {K. Batzer and R. Corsi and E. Crampton},
  note = {{S}enior {D}esign {P}roject, {F}aculty advisors: B.~Bazuin, J.~Gesink,
	D.~A.~Miller, and F.~L.~Severance; {C}ontributors: M.~Ellinger and
	J.~Stahl.},
  comment = {old entry name: Batzer09b}
}

@PHDTHESIS{BatzerCorsiCramptonOld,
  author = {Batzer, Kyle and Corsi, Richard and Crampton, Edward},
  title = {Electrophysiology Measurement and Stimulation System},
  school = {Western Michigan University},
  year = {2010},
  type = {Senior Design Project},
  month = {August},
  owner = {donny},
  timestamp = {2012.10.10}
}

@BOOK{Berger12,
  title = {Electrophysiology Data Acquisition System},
  year = {2012},
  author = {B. Berger and S. Goveia and L. Morgan},
  note = {{S}enior {D}esign {P}roject, {F}aculty advisors: B.~Bazuin, J.~Gesink,
	D.~A.~Miller, and F.~L.~Severance; {C}ontributor: K.~Bazter}
}

@ARTICLE{Blum2007,
  author = {R. Blum and J. Ross and E. Brown and S. {DeWeerth}},
  title = {An Integrated System for Simultaneous, Multichannel Neuron Stimulation
	and Recording},
  journal = {IEEE Transactions on Circuits and Systems},
  year = {2007},
  volume = {54},
  pages = {2608-2618},
  number = {12},
  month = {December},
  owner = {donny},
  quality = {1},
  timestamp = {2013.08.20}
}

@BOOK{CarusoDaiekJones,
  title = {Low Noise Amplification and Stimulation System for Multi-Electrode
	Arrays},
  year = {2008},
  author = {T. Caruso and E. Daiek and E. Jones},
  note = {{S}enior {D}esign {P}roject, {F}aculty advisors: B.~Bazuin, J.~Gesink,
	D.~A.~Miller, and F.~L.~Severance},
  comment = {old entry name: CarusoDaiekJones08}
}

@PHDTHESIS{CarusoDaiekJonesOld,
  author = {Caruso, Troy and Daiek, Evan and Jones, Eric},
  title = {Low Noise Amplification and Stimulation System for Neural Multi-Electrode
	Arrays},
  school = {Western Michigan University},
  year = {2008},
  type = {Senior Design Project},
  month = {December},
  owner = {donny},
  timestamp = {2012.10.10}
}

@MANUAL{PcbnewRefMan,
  title = {Pcbnew Reference manual},
  author = {Charras, Jean-Pierre and Tappero, Fabrizio},
  month = {November},
  year = {2011},
  owner = {donny},
  quality = {1},
  timestamp = {2013.03.20}
}

@TECHREPORT{DavisLogic,
  author = {Davis, Leroy},
  title = {Logic Threshold Voltage Levels},
  year = {2012},
  type = {Internet},
  month = {February},
  note = {[August 20, 2013]},
  owner = {donny},
  quality = {1},
  timestamp = {2013.03.07},
  url = {http://www.interfacebus.com/voltage_threshold.html}
}

@INPROCEEDINGS{DeMarse04,
  author = {T. De{M}arse and A. Cadotte and P. Douglas and P. He and V. Trinh},
  title = {Computation Within Cultured Neural Networks},
  booktitle = {Proceedings of the 26th Annual Conference of the IEEE Engineering
	in Medicine and Biology Society},
  year = {2004},
  address = {San Francisco, CA},
  month = {September 1--5,}
}

@ARTICLE{Eccles1932,
  author = {Eccles, J. C. and Granit, R. and Young, J. Z.},
  title = {Impulses in the giant nerve fibres of earthworms},
  journal = {Journal of Physiology},
  year = {1932},
  volume = {77},
  pages = {23-25},
  owner = {donny},
  quality = {1},
  timestamp = {2013.03.22}
}

@MASTERSTHESIS{EllingerMSEE,
  author = {M. Ellinger},
  title = {Acquisition and Analysis of Biological Neural Network Action Potential
	Sequences},
  school = {Western Michigan University},
  year = {2009},
  type = {{M}aster of {S}cience in {E}lectrical {E}ngineering {T}hesis},
  note = {{C}ommittee members: B~Bazuin, J.~Gesink, D.~A.~Miller, and F.~L.~Severance
	(Chair)},
  comment = {Old Entry name: Ellinger09}
}

@PHDTHESIS{EllingerMSEEOld,
  author = {Ellinger, Michael},
  title = {Acquisition and Analysis of Biological Neural Network Action Potential
	Sequences},
  school = {Western Michigan University},
  year = {2009},
  type = {Master's Thesis},
  month = {June},
  owner = {donny},
  timestamp = {2012.10.10}
}

@ARTICLE{Jimbo2003,
  author = {Y. Jimbo and N. Kasai and K. Torimitsu and T. Tateno and H. P. C.
	Robinsion},
  title = {A system for {MEA}-{B}ased Multisite Stimulation},
  journal = {IEEE Transactions on Biomedical Engineering},
  year = {2003},
  volume = {50},
  pages = {241--248},
  number = {2},
  month = {February},
  comment = {old entry name: Jimbo03}
}

@ARTICLE{Jimbo2003Old,
  author = {Jimbo, Y. and Kasai, N. and Torimitsu, K. and Tateno, T. and Robinson,
	H.P.C.},
  title = {A system for {MEA}-based multisite stimulation},
  journal = {IEEE Transactions on Biomedical Engineerin},
  year = {2003},
  volume = {50},
  pages = {241-248},
  number = {2},
  month = {February},
  owner = {donny},
  quality = {1},
  timestamp = {2013.03.22}
}

@ARTICLE{Kladt2010,
  author = {Kladt, Nikolay and Hansklik, Ulrike and Heinzel, Hans-Georg},
  title = {Teaching Basic Neurophysiology Using Intact Earthworms},
  journal = {The Journal of Undergraduate Neuroscience Education},
  year = {2010},
  volume = {9(1)},
  pages = {A20-A35},
  owner = {donny},
  quality = {1},
  timestamp = {2013.01.29}
}

@ARTICLE{KuehJellies,
  author = {D. Kueh and C. Linn},
  title = {Neurophysiology in the Earthworm},
  journal = {Laboratory Manual for Human Physiology\emph{, 2\textsuperscript{nd}
	ed.}},
  note = {{M}ason, {O}hio: {C}engage {L}earning, 2012, pp. 19-45},
  comment = {old entry name: Kueh09}
}

@INBOOK{KuehJelliesold,
  chapter = {Neurophysiology in the Earthworm},
  pages = {19-45},
  title = {Laboratory Manual for Human Physiology},
  publisher = {Cengage Learning},
  year = {2012},
  author = {Kueh, Daniel and Linn, C.},
  address = {Mason, Ohio},
  edition = {2nd},
  owner = {donny},
  quality = {1},
  timestamp = {2013.03.22}
}

@ARTICLE{Marom02,
  author = {S. Marom and G. Shahaf},
  title = {Development, learning, and memory in large random networks of cortical
	neurons: lessons beyond anatomy},
  journal = {Quarterly Review of Biophysics},
  year = {2002},
  volume = {35},
  pages = {63--87}
}

@BOOK{McCaskeyPackaralJohnVandeusen07,
  title = {Real-Time Feedback Control of Neuron Cell Culture Electrical Activity},
  year = {2007},
  author = {N. McCaskey and J. Packaral John and P. Vandeusen},
  note = {{S}enior {D}esign {P}roject, {F}aculty advisors: B.~Bazuin, J.~Gesink,
	D.~A.~Miller, and F.~L.~Severance}
}

@BOOK{Montrose1999,
  title = {EMC and the Printed Circuit Board: Design, Theory, and Layout Made
	Simple},
  publisher = {Wiley-IEEE Press},
  year = {1999},
  author = {Montrose, Mark I.},
  edition = {1},
  keywords = {Printed Circuit Board PCB Electromagnetic Compatibility EMC Compliance},
  owner = {donny},
  quality = {1},
  timestamp = {2013.03.03},
  url = {http://ieeexplore.ieee.org/servlet/opac?bknumber=5237459}
}

@MANUAL{Olivo,
  title = {Lab 4: Action Potentials in Earthworm Giant Axons},
  author = {R. F. Olivo},
  organization = {Smith College},
  address = {Northampton, MA},
  note = {Available at \url{http://www.science.smith.edu/departments/NeuroSci/courses/bio330/labs/L4giants.html}},
  comment = {old entry name: Olivo08}
}

@ELECTRONIC{OlivoOld,
  author = {Olivo, Richard F.},
  year = {2008},
  title = {Lab 4: Action Potentials in Earthworm Giant Axons},
  organization = {Smith College},
  note = {Accessed 2013-02-04},
  url = {http://www.science.smith.edu/departments/NeuroSci/courses/bio330/labs/L4giants.html},
  owner = {donny},
  quality = {1},
  timestamp = {2013.02.04}
}

@INPROCEEDINGS{Potter2005,
  author = {S. M. Potter and D. A. Wagenaar and T. B. De{M}arse},
  title = {Closing the Loop: Stimulation Feedback Systems for Embodied {MEA}
	Cultures},
  booktitle = {Advances in Network Electrophysiology Using Multi-Electrode Arrays},
  year = {2006},
  editor = {M. Taketani and M. Baudry},
  pages = {215--242},
  publisher = {Springer},
  comment = {old entry name: Potter05}
}

@INCOLLECTION{Potter2005Old,
  author = {Potter, Steve M. and Wagenaar, Danial A. and DeMarse, Thomas B.},
  title = {Closing the Loop: Stimulation Feedback System for Embodied {MEA}
	Cultures},
  booktitle = {Advances in Network Electrophysiology Using Multi-Electrode Arrays},
  publisher = {Springer},
  year = {2005},
  editor = {Takentani, Makoto and Baudry, Michael},
  owner = {donny},
  quality = {1},
  timestamp = {2013.02.04},
  url = {http://complex.gmu.edu/people/peixoto/subpages/nelab/Potter4MEAbookCOLpub.pdf}
}

@MASTERSTHESIS{StahlMSEE,
  author = {J. D. Stahl},
  title = {Dual Channel Low Noise Amplifier for Experiments in Neurophysiology},
  school = {Western Michigan University},
  year = {2009},
  type = {{M}aster of {S}cience in {E}lectrical {E}ngineering {T}hesis},
  note = {{C}ommittee members: B.~Bazuin, J.~Gesink, D.~A.~Miller (Chair),
	and F.~L.~Severance},
  comment = {old entry name: Stahl09}
}

@PHDTHESIS{StahlMSEEOld,
  author = {Stahl, John D.},
  title = {Dual Channel Low Noise Amplifier for Experiments in Neurophysiology},
  school = {Western Michigan University},
  year = {2009},
  type = {Master's Thesis},
  month = {June},
  owner = {donny},
  timestamp = {2012.10.10}
}

@TECHREPORT{StrangioRS232,
  author = {Strangio, Christopher E.},
  title = {The {RS232} STANDARD: A Tutorial with Signal Names and Definitions},
  institution = {CAMI Research Inc.},
  year = {2012},
  type = {Internet},
  address = {Acton, MA},
  note = {[January 30, 2013]},
  owner = {donny},
  quality = {1},
  timestamp = {2013.01.30},
  url = {http://www.camiresearch.com/Data_Com_Basics/RS232_standard.html}
}

@TECHREPORT{osheclib,
  author = {Sytov, Dmitri N.},
  title = {{KiCad} Libraries converted from {Eagle}},
  institution = {Open Source Hardware Engineering Community},
  year = {2008},
  type = {Internet},
  month = {April},
  note = {[November 17, 2011]},
  owner = {donny},
  quality = {1},
  timestamp = {2013.03.20},
  url = {http://library.oshec.org/}
}

@ARTICLE{Wagenaar04,
  author = {D. A. Wagenaar and S. M. Potter},
  title = {A versatile all-channel stimulator for electrode arrays, with real-time
	control},
  journal = {Journal of Neural Engineering},
  year = {2004},
  volume = {1},
  pages = {39--45}
}

@TECHREPORT{AdvCir66,
  title = {Full Spec 4-Layer Designs Only \$66 Each!},
  institution = {Advanced Circuits},
  type = {Internet},
  address = {Aurora, CO},
  note = {[March 30, 2013]},
  owner = {donny},
  quality = {1},
  timestamp = {2013.03.20},
  url = {http://www.4pcb.com/66-each-pcbs/index.html}
}

@TECHREPORT{AdvCirFile,
  title = {Circuit Board Assembly File Content},
  institution = {Advanced Circuits},
  type = {Internet},
  address = {Aurora, CO},
  note = {[August 20, 2013]},
  owner = {donny},
  quality = {1},
  timestamp = {2013.03.21},
  url = {http://www.my4pcb.com/circuit_board_assembly_file_content.htm}
}

@TECHREPORT{AdvCirGerMis,
  title = {7 Common Mistakes With Gerber Files},
  institution = {Advanced Circuits},
  type = {Internet},
  address = {Aurora, CO},
  note = {[August 20, 2013]},
  owner = {donny},
  quality = {1},
  timestamp = {2013.03.21},
  url = {http://www.my4pcb.com/easy_design_order_printed_circuit_boards_common_mistakes.htm}
}

@TECHREPORT{AdvCirTol,
  title = {{PCB} Tolerances},
  institution = {Advanced Circuits},
  type = {Internet},
  address = {Aurora, CO},
  note = {[March 20, 2013]},
  owner = {donny},
  quality = {1},
  timestamp = {2013.03.20},
  url = {http://www.4pcb.com/pcb-design-specifications/}
}

@ELECTRONIC{BatzerRepo,
  title = {``{G}it{H}ub {R}epository -- {K}yle{B}atzer -- {T}hesis''},
  url = {https://github.com/KyleBatzer/Thesis},
  owner = {donny},
  quality = {1},
  timestamp = {2013.10.27}
}

@TECHREPORT{CorelisJTAG,
  title = {Boundary Scan for {PCB} Interconnect Testing and In-System Programming
	of {CPLDs} and Flash Memories},
  institution = {Corelis Inc.},
  type = {Whitepaper},
  address = {Cerritos, CA},
  note = {[June 01, 2011]},
  owner = {donny},
  quality = {1},
  timestamp = {2013.02.25},
  url = {http://www.corelis.com/whitepapers/Boundary-Scan_Whitepaper.pdf}
}

@TECHREPORT{MCSystems,
  title = {In vitro {MEA}-Systems},
  institution = {Multi Channel Systems MCS GmbH},
  type = {Internet},
  address = {Reutlingen, Germany},
  note = {[March 22, 2013]},
  owner = {donny},
  quality = {1},
  timestamp = {2013.03.22},
  url = {http://www.multichannelsystems.com/products/vitro-mea-systems}
}

@TECHREPORT{SD9Spec,
  title = {{SD9} Square Pulse Stimulator},
  institution = {Natus Neurology Inc.},
  type = {Internet},
  address = {Middleton, WI},
  note = {[February 04, 2013]},
  owner = {donny},
  quality = {1},
  timestamp = {2013.02.04},
  url = {http://www.grasstechnologies.com/products/stimulators/stimsd9.html}
}

@TECHREPORT{CypressDS,
  title = {{EZ-USB FX2LP USB} Microcontroller High-Speed {USB} Peripheral Controller},
  institution = {Cypress Semiconductor Corp.},
  year = {2013},
  type = {Data Sheet},
  number = {38-08032 Rev. *W},
  address = {San Jose, CA},
  month = {July},
  owner = {donny},
  quality = {1},
  timestamp = {2013.03.07},
  url = {http://www.cypress.com/?docID=45142}
}

@TECHREPORT{ExpresssPCBTips,
  title = {Tips for Designing {PCBs}},
  institution = {ExpressPCB},
  year = {2013},
  type = {Internet},
  note = {[August 20, 2013]},
  owner = {donny},
  quality = {1},
  timestamp = {2013.03.20},
  url = {http://www.expresspcb.com/ExpressPCBHtm/Tips.htm}
}

@TECHREPORT{AD7606ds,
  title = {{AD7606} Data Sheet Rev C},
  institution = {Analog Devices, Inc.},
  year = {2012},
  type = {Data Sheet},
  number = {Rev. C},
  address = {Norwood, MA},
  month = {February},
  keywords = {data sheet datasheet Analog Devices ADC AD7606 digital analog},
  owner = {donny},
  timestamp = {2012.06.27},
  url = {http://www.analog.com/static/imported-files/data_sheets/AD7606_7606-6_7606-4.pdf}
}

@TECHREPORT{AD5678ds,
  title = {{AD5678} Data Sheet Rev C},
  institution = {Analog Devices, Inc.},
  year = {2011},
  type = {Data Sheet},
  number = {Rev. C},
  address = {Norwood, MA},
  month = {February},
  keywords = {data sheet datasheet Analog Devices DAC AD5678 digital analog},
  owner = {donny},
  timestamp = {2012.06.27},
  url = {http://www.analog.com/static/imported-files/data_sheets/AD5678.pdf}
}

@ELECTRONIC{CodingAdventuresFX2,
  month = {feb},
  year = {2011},
  title = {Coding Adventures: Memory Board, Hirose FX2 PCB Footprint},
  howpublished = {\url{http://ccoder.blogspot.com/2011/02/memory-board-hirose-fx2-pcb-footprint.html}},
  note = {KiCAD PCB Footprint file},
  url = {http://ccoder.blogspot.com/2011/02/memory-board-hirose-fx2-pcb-footprint.html},
  comment = {website down},
  owner = {donny},
  timestamp = {2012.06.27}
}

@TECHREPORT{CodingAdvFX2,
  title = {Memory Board, {Hirose FX2 PCB} Footprint},
  institution = {Coding Adventures},
  year = {2011},
  type = {Internet},
  month = {February},
  note = {[September 29, 2011]},
  owner = {donny},
  quality = {1},
  timestamp = {2013.03.20},
  url = {http://ccoder.blogspot.com/2011/02/memory-board-hirose-fx2-pcb-footprint.html}
}

@TECHREPORT{RedKingbrightLEDds,
  title = {{APT2012EC} 2.0x1.25mm {SMD} Chip {LED} Lamp},
  institution = {Kingbright},
  year = {2011},
  type = {Data Sheet},
  number = {Rev V.7},
  address = {City of Industry, CA},
  month = {March},
  owner = {donny},
  quality = {1},
  timestamp = {2013.03.06},
  url = {http://www.us.kingbright.com/images/catalog/SPEC/APT2012EC.pdf}
}

@TECHREPORT{Spartan3UG,
  title = {Spartan-3 Generation {FPGA} User Guide},
  institution = {Xilinx Inc.},
  year = {2011},
  type = {User Guide},
  number = {v1.8},
  address = {San Jose, CA},
  month = {June},
  keywords = {user guide FPGA Spartan-3E Spartan-3 Spartan XC3S500E Xilinx ug331},
  owner = {donny},
  timestamp = {2012.06.27},
  url = {http://www.xilinx.com/support/documentation/user_guides/ug331.pdf}
}

@TECHREPORT{XilinxPlatformFlashDS,
  title = {Platform Flash In-System Programmable Configuration {PROMs}},
  institution = {Xilinx, Inc.},
  year = {2010},
  type = {Data Sheet},
  number = {v2.18},
  address = {San Jose, CA},
  month = {May},
  keywords = {data sheet datasheet Xilinx Platform Flash PROM EEPROM XCF00S FPGA
	configuration Xilinx ds123},
  owner = {donny},
  timestamp = {2012.06.27},
  url = {http://www.xilinx.com/support/documentation/data_sheets/ds123.pdf}
}

@TECHREPORT{AdvCirFreeDFMCheck,
  title = {What does {FreeDFM} Check For?},
  institution = {Advanced Circuits},
  year = {2009},
  type = {Tech. Rep.},
  address = {Aurora, CO},
  note = {[August 20, 2013]},
  owner = {donny},
  quality = {1},
  timestamp = {2013.03.21},
  url = {http://www.4pcb.com/media/freedfm-tips-tools.pdf}
}

@TECHREPORT{FTDIUSBSerial,
  title = {{TTL-232RG} {TTL to USB} Serial Converter Generic Cables Datasheet},
  institution = {Future Technology Devices International Ltd. (FTDI)},
  year = {2009},
  type = {Data Sheet},
  number = {FT\_000188 v1.1},
  address = {Glasgow, United Kingdom},
  month = {April},
  owner = {donny},
  quality = {1},
  timestamp = {2013.03.07},
  url = {http://www.ftdichip.com/Support/Documents/DataSheets/Cables/DS_TTL-232RG_CABLES.pdf}
}

@TECHREPORT{Spartan3ConfigUG,
  title = {Spartan-3 Generation Configuration User Guide},
  institution = {Xilinx Inc.},
  year = {2009},
  type = {User Guide},
  number = {v1.6},
  address = {San Jose, CA},
  month = {October},
  keywords = {user guide FPGA Spartan-3E Spartan-3 Spartan XC3S500E configuration
	Xilinx ug332},
  owner = {donny},
  timestamp = {2012.06.27},
  url = {http://www.xilinx.com/support/documentation/user_guides/ug332.pdf}
}

@TECHREPORT{Spartan3eDS,
  title = {Spartan-{3E} {FPGA} Family Data Sheet},
  institution = {Xilinx Inc.},
  year = {2009},
  type = {Data Sheet},
  number = {v3.8},
  address = {San Jose, CA},
  month = {August},
  keywords = {datasheet data sheet FPGA Spartan-3E Spartan XC3S500E Xilinx ds312},
  owner = {donny},
  timestamp = {2012.06.27},
  url = {http://www.xilinx.com/support/documentation/data_sheets/ds312.pdf}
}

@TECHREPORT{XC9500XLds,
  title = {{XC9500XL} High-Performance {CPLD} Family},
  institution = {Xilinx Inc.},
  year = {2009},
  type = {Data Sheet},
  number = {v2.5},
  address = {San Jose, CA},
  month = {May},
  keywords = {data sheet datasheet Xilinx CPLD XC9500XL ds054},
  owner = {donny},
  timestamp = {2012.06.27},
  url = {http://www.xilinx.com/support/documentation/data_sheets/ds054.pdf}
}

@TECHREPORT{XilinxPlatformFlashUG,
  title = {Platform Flash {PROM} User Guide},
  institution = {Xilinx, Inc.},
  year = {2009},
  type = {User Guide},
  number = {v1.5},
  address = {San Jose, CA},
  month = {October},
  keywords = {user guide Xilinx Platform Flash PROM EEPROM XCF00S FPGA configuration
	Xilinx ug161},
  owner = {donny},
  timestamp = {2012.06.27},
  url = {http://www.xilinx.com/support/documentation/user_guides/ug161.pdf}
}

@TECHREPORT{DigilentNexys2rm,
  title = {Digilent Nexys2 Board Reference Manual},
  institution = {Digilent, Inc.},
  year = {2008},
  type = {Reference Manual},
  number = {502-107},
  address = {Pullman, WA},
  month = {June},
  keywords = {reference manual Digilent Nexys2 Spartan-3e XC3S500E FPGA develoment
	dev board Xilinx},
  owner = {donny},
  timestamp = {2012.06.27},
  url = {http://www.digilentinc.com/Data/Products/NEXYS2/Nexys2_rm.pdf}
}

@TECHREPORT{ST232ds,
  title = {{ST3232B/C 3 to 5.5 V}, low power, up to 400 kbps, {RS-232} drivers
	and receivers},
  institution = {STMicroelectronics},
  year = {2008},
  type = {Data Sheet},
  number = {Rev 11},
  address = {Geneva, Switzerland},
  month = {February},
  owner = {donny},
  quality = {1},
  timestamp = {2013.03.07},
  url = {http://www.st.com/st-web-ui/static/active/en/resource/technical/document/datasheet/CD00002253.pdf}
}

@TECHREPORT{DigilentNexys2sch,
  title = {Digilent Nexys2 Schematic Diagrams},
  institution = {Digilent Inc.},
  year = {2007},
  type = {Schematic},
  number = {500-134 Rev. C.0},
  address = {Pullman, WA},
  month = {July},
  keywords = {schematic diagrams Digilent Nexys2 Spartan-3e XC3S500E FPGA develoment
	dev board Xilinx},
  owner = {donny},
  timestamp = {2012.06.27},
  url = {http://www.digilentinc.com/Data/Products/NEXYS2/Nexys2_sch.pdf}
}

@TECHREPORT{MicronDRAMds,
  title = {{Async/Page/Burst {CellularRAM} 1.5}},
  institution = {Micron Tech., Inc.},
  year = {2007},
  type = {Data Sheet},
  number = {Rev H},
  address = {Boise, ID},
  month = {August},
  owner = {donny},
  quality = {1},
  timestamp = {2013.03.05},
  url = {www.micron.com/~/media/Documents/Products/Data%20Sheet/DRAM/Mobile%20DRAM/PSRAM/128mb_burst_cr1_5_p26z.pdf}
}

@TECHREPORT{PowerOnXilinxCPLDappnote,
  title = {Power on Behavior of {Xilinx} {CPLDs}},
  institution = {Xilinx, Inc.},
  year = {2006},
  type = {Application Note},
  number = {v1.0},
  address = {San Jose, CA},
  month = {May},
  keywords = {application note Xilinx CPLD XC9500XL power up xapp440},
  owner = {donny},
  timestamp = {2012.06.27},
  url = {http://www.xilinx.com/support/documentation/application_notes/xapp440.pdf}
}

@TECHREPORT{XC9536XLds,
  title = {{XC9536XL} {3.3V} High-Performance {CPLD}},
  institution = {Xilinx Inc.},
  year = {2006},
  type = {Data Sheet},
  number = {v1.8},
  address = {San Jose, CA},
  month = {March},
  keywords = {data sheet datasheet Xilinx CPLD XC9500CL XC9536XL ds058},
  owner = {donny},
  timestamp = {2012.06.27},
  url = {http://www.xilinx.com/support/documentation/data_sheets/ds058.pdf}
}

@TECHREPORT{XC9572XLds,
  title = {{XC9572XL} {3.3V} High-Performance {CPLD}},
  institution = {Xilinx Inc.},
  year = {2006},
  type = {Data Sheet},
  number = {v1.9},
  address = {San Jose, CA},
  month = {March},
  keywords = {data sheet datasheet Xilinx CPLD XC9500CL XC9536XL ds057},
  owner = {donny},
  timestamp = {2012.06.27},
  url = {http://www.xilinx.com/support/documentation/data_sheets/ds057.pdf}
}

@TECHREPORT{BulletproofDesignCPLDappnote,
  title = {Bulletproof {CPLD} Design Practices},
  institution = {Xilinx, Inc.},
  year = {2005},
  type = {Application Note},
  number = {v1.0},
  address = {San Jose, CA},
  month = {June},
  keywords = {application note Xilinx CPLD XC9500XL design xapp784},
  owner = {donny},
  timestamp = {2012.06.27},
  url = {http://www.xilinx.com/support/documentation/application_notes/xapp784.pdf}
}

@TECHREPORT{McGillCAP,
  title = {The {McGill} Physiology Virtual Laboratory, Compound Action Potential,
	Background, Recording Technique},
  institution = {McGill University},
  year = {2005},
  type = {Internet},
  address = {Montreal, Quebec},
  note = {[August 20, 2013]},
  owner = {donny},
  quality = {1},
  timestamp = {2013.03.22},
  url = {http://www.medicine.mcgill.ca/physio/vlab/CAP/recording.htm}
}

@TECHREPORT{WarnerChloriding,
  title = {Chloriding {Ag/AgCl} Electrodes Disk, Pellet, or Wire},
  institution = {Warner Instruments},
  year = {2004},
  type = {Technical Reference},
  address = {Hamden, CT},
  month = {February},
  comment = {Retrieved 2013/03/01},
  owner = {donny},
  timestamp = {2013.03.01},
  url = {http://www.warneronline.com/Documents/uploader/Chloriding%20Ag-AgCl%20electrodes%20%20(2004.02.02).pdf}
}

@TECHREPORT{ADG202Ads,
  title = {{ADG201A/ADG202A} Data Sheet Rev A},
  institution = {Analog Devices, Inc.},
  year = {2002},
  type = {Data Sheet},
  number = {Rev. A},
  address = {Norwood, MA},
  month = {September},
  keywords = {data sheet datasheet Analog Devices ADG202A ADG201A switch cmos},
  owner = {donny},
  quality = {1},
  timestamp = {2013.03.03},
  url = {http://www.analog.com/static/imported-files/data_sheets/ADG201A_202A.pdf}
}

@TECHREPORT{LT1765ds,
  title = {{LT1765/LT1765-1.8/LT1765-2.5/LT1765-3.3/LT1765-5} Monolithic 3{A},
	1.25{MHz} Step-Down Switching Regulator},
  institution = {Linear Tech. Corp.},
  year = {2001},
  type = {Data Sheet},
  number = {Rev. D},
  address = {Milpitas, CA},
  edition = {Rev. D},
  organization = {Linear Tech.},
  owner = {donny},
  quality = {1},
  timestamp = {2013.03.05},
  url = {http://cds.linear.com/docs/en/datasheet/1765fd.pdf}
}

@MISC{TEConnectivity0.1inTermBlock,
  title = {TE Connectivity Terminal Block PCB Mount Side Entry Stacking 2.54mm
	Pitch},
  month = {aug},
  year = {2001},
  note = {282834},
  comment = {PN: 282834},
  keywords = {drawing TE Connectivity terminal block 0.1in 2.54mm PCB mount 282834},
  owner = {donny},
  timestamp = {2012.06.27},
  url = {http://www.te.com/commerce/DocumentDelivery/DDEController?Action=srchrtrv&DocNm=282834&DocType=Customer+Drawing&DocLang=English&PartCntxt=282834-3}
}

@TECHREPORT{TETermBlockDraw,
  title = {Terminal Block PCB Mount Side Wire Entry Stacking 2.54mm Pitch},
  institution = {TE Connectivity Ltd},
  year = {2001},
  type = {Drawing},
  number = {C-282834 Rev C1},
  address = {Schaffhausen, Switzerland},
  month = {August},
  comment = {Drawing},
  owner = {donny},
  quality = {1},
  timestamp = {2013.03.20},
  url = {http://www.te.com/commerce/DocumentDelivery/DDEController?Action=srchrtrv&DocNm=282834&DocType=Customer+Drawing&DocLang=English&PartCntxt=282834-3}
}

@TECHREPORT{DesignXC9500XLappnote,
  title = {Designing With {XC9500XL} {CPLDs}},
  institution = {Xilinx Inc.},
  year = {1999},
  type = {Application Note},
  number = {v1.1},
  address = {San Jose, CA},
  month = {January},
  keywords = {application note Xilinx CPLD XC9500XL design xapp112},
  owner = {donny},
  timestamp = {2012.06.27},
  url = {http://www.xilinx.com/support/documentation/application_notes/xapp112.pdf}
}

@TECHREPORT{LT1167ds,
  title = {{LT1167} Single Resistor Gain Programmable, Precision Instrumentation
	Amplifier},
  institution = {Linear Tech. Corp},
  year = {1998},
  type = {Data Sheet},
  number = {Rev. C},
  address = {Milpitas, CA},
  keywords = {data sheet datasheet Linear Technology low noise precision instrumentation
	amplifier},
  owner = {donny},
  quality = {1},
  timestamp = {2013.03.05},
  url = {http://cds.linear.com/docs/en/datasheet/1167fc.pdf}
}

@TECHREPORT{LT1129ds,
  title = {{LT1129/LT1129-3.3/LT1129-5} Micropower Low Dropout Regulators with
	Shutdown},
  institution = {Linear Tech. Corp},
  year = {1994},
  type = {Data Sheet},
  number = {Rev. F},
  address = {Milpitas, CA},
  keywords = {data sheet datasheet Linear Technology voltage regulator low dropout},
  owner = {donny},
  timestamp = {2012.06.27},
  url = {http://cds.linear.com/docs/en/datasheet/112935ff.pdf}
}

@TECHREPORT{LT11245ds,
  title = {{LT1124/LT1125} Dual/Quad Low Noise, High Speed Precision Op Amps},
  institution = {Linear Tech. Corp},
  year = {1992},
  type = {Data Sheet},
  number = {Rev. E},
  address = {Milpitas, CA},
  keywords = {data sheet datasheet Linear Technology low noise precision operational
	amplifier opamp op amp},
  owner = {donny},
  timestamp = {2012.06.27},
  url = {http://cds.linear.com/docs/en/datasheet/11245fe.pdf}
}

@comment{jabref-meta: selector_review:}

@comment{jabref-meta: selector_publisher:}

@comment{jabref-meta: selector_author:}

@comment{jabref-meta: selector_journal:}

@comment{jabref-meta: selector_keywords:}

